@Inbook{Jaulin2015,
author="Jaulin, Luc
and Le Bars, Fabrice",
editor="Morgan, Fearghal
and Tynan, Dermot",
chapter="Towing with Sailboat Robots",
title="Robotic Sailing 2014: Proceedings of the 7th International Robotic Sailing Conference",
year="2015",
publisher="Springer International Publishing",
address="Cham",
pages="31--44",
isbn="978-3-319-10076-0",
doi="10.1007/978-3-319-10076-0_3",
url="http://dx.doi.org/10.1007/978-3-319-10076-0_3"
}
﻿@Inbook{LeBars2013,
author="Le Bars, Fabrice
and Jaulin, Luc",
editor="Sauz{\'e}, Colin
and Finnis, James",
chapter="An Experimental Validation of a Robust Controller with the VAIMOS Autonomous Sailboat",
title="Robotic Sailing 2012: Proceedings of the 5th International Robotic Sailing Conference",
year="2013",
publisher="Springer Berlin Heidelberg",
address="Berlin, Heidelberg",
pages="73--84",
isbn="978-3-642-33084-1",
doi="10.1007/978-3-642-33084-1_7",
url="http://dx.doi.org/10.1007/978-3-642-33084-1_7"
}
﻿@Inbook{Melin2016,
author="Melin, Jon
and Dahl, Kjell
and Waller, Matias",
editor="Friebe, Anna
and Haug, Florian",
chapter="Modeling and Control for an Autonomous Sailboat: A Case Study",
title="Robotic Sailing 2015: Proceedings of the 8th International Robotic Sailing Conference",
year="2016",
publisher="Springer International Publishing",
address="Cham",
pages="137--149",
isbn="978-3-319-23335-2",
doi="10.1007/978-3-319-23335-2_11",
url="http://dx.doi.org/10.1007/978-3-319-23335-2_11"
}
@article{johansen2007modelling,
  title={Modelling of flexible slender systems for real-time simulation and control applications},
  author={Johansen, Vegar},
  year={2007},
  publisher={Fakultet for ingeni{\o}rvitenskap og teknologi}
}
@article{baumgarte1972stabilization,
  title={Stabilization of constraints and integrals of motion in dynamical systems},
  author={Baumgarte, Joachim},
  journal={Computer methods in applied mechanics and engineering},
  volume={1},
  number={1},
  pages={1--16},
  year={1972},
  publisher={Elsevier}
}

